@misc{Petersen:2008,
	author = {Petersen, K. and Pedersen, M.},
	title = {{The Matrix Cookbook}},
	year = 2008
}

@book{Bishop:2006,
	author = {C. M. Bishop},
	title = {Pattern Recognition and Machine Learning},
	year = 2006,
	publisher = {Springer},
	pages = {693}
}
